<?xml version="1.0" encoding="UTF-8"?><record xmlns="http://www.loc.gov/MARC21/slim" xmlns:cinclude="http://apache.org/cocoon/include/1.0" xmlns:zs="http://www.loc.gov/zing/srw/">
  <leader>00482nz  a2200133n  4500</leader>
  <controlfield tag="001">nr2005009911</controlfield>
  <controlfield tag="003">DLC</controlfield>
  <controlfield tag="005">20050422033108.0</controlfield>
  <controlfield tag="008">050420n| acannaabn          |a aaa     c</controlfield>
  <datafield tag="010" ind1=" " ind2=" ">
    <subfield code="a">nr2005009911</subfield>
  </datafield>
  <datafield tag="040" ind1=" " ind2=" ">
    <subfield code="a">CSt-HC</subfield>
    <subfield code="b">eng</subfield>
    <subfield code="c">CSt-HC</subfield>
  </datafield>
  <datafield tag="100" ind1="1" ind2=" ">
    <subfield code="a">Navon, Ephraim ben Aaron,</subfield>
    <subfield code="d">1677-1735.</subfield>
    <subfield code="t">Maḥaneh Efrayim (Hilkhot malṿeh ṿe-loṿeh)</subfield>
  </datafield>
  <datafield tag="400" ind1="1" ind2=" ">
    <subfield code="a">Navon, Ephraim ben Aaron,</subfield>
    <subfield code="d">1677-1735.</subfield>
    <subfield code="t">Sefer Maḥaneh Efrayim</subfield>
  </datafield>
  <datafield tag="670" ind1=" " ind2=" ">
    <subfield code="a">Sefer Maḥaneh Efrayim,2004:</subfield>
    <subfield code="b">t.p. (hilkhot malṿeh ṿe-loṿeh)</subfield>
  </datafield>
</record>